@article{perez2019smart,
  title={Smart contract vulnerabilities: Does anyone care?},
  author={Perez, Daniel and Livshits, Benjamin},
  journal={arXiv preprint arXiv:1902.06710},
  pages={1--15},
  year={2019}
}

@electronic{coinmarketcap,
	Date-Added = {2020-04-28 15:52:28 +0800},
	Date-Modified = {2020-06-07 18:05:16 +0800},
	Month = {Apr.},
	Title = {{Coinmarketcap}},
	Url = {https://coinmarketcap.com/},
	Year = {2022},
	Bdsk-Url-1 = {https://en.wikipedia.org/wiki/BitcoinCreation}}
@article{nakamoto2008bitcoin,
  title={Bitcoin: A peer-to-peer electronic cash system},
  author={Nakamoto, Satoshi},
  journal={Decentralized Business Review},
  pages={21260},
  year={2008}
}
@article{buterin2014next,
  title={A next-generation smart contract and decentralized application platform},
  author={Buterin, Vitalik and others},
  journal={white paper},
  volume={3},
  number={37},
  year={2014}
}

@inproceedings{rodler2021evmpatch,
  title={$\{$EVMPatch$\}$: Timely and Automated Patching of Ethereum Smart Contracts},
  author={Rodler, Michael and Li, Wenting and Karame, Ghassan O and Davi, Lucas},
  booktitle={30th USENIX Security Symposium (USENIX Security 21)},
  pages={1289--1306},
  year={2021}
}
@inproceedings{luu2016making,
  title={Making smart contracts smarter},
  author={Luu, Loi and Chu, Duc-Hiep and Olickel, Hrishi and Saxena, Prateek and Hobor, Aquinas},
  booktitle={Proceedings of the 2016 ACM SIGSAC conference on computer and communications security},
  pages={254--269},
  year={2016}
}

@inproceedings{zhang2020smartshield,
  title={Smartshield: Automatic smart contract protection made easy},
  author={Zhang, Yuyao and Ma, Siqi and Li, Juanru and Li, Kailai and Nepal, Surya and Gu, Dawu},
  booktitle={2020 IEEE 27th International Conference on Software Analysis, Evolution and Reengineering (SANER)},
  pages={23--34},
  year={2020},
  organization={IEEE}
}

@inproceedings{krupp2018teether,
  title={$\{$teEther$\}$: Gnawing at Ethereum to Automatically Exploit Smart Contracts},
  author={Krupp, Johannes and Rossow, Christian},
  booktitle={27th USENIX Security Symposium (USENIX Security 18)},
  pages={1317--1333},
  year={2018}
}

@inproceedings{tsankov2018securify,
  title={Securify: Practical security analysis of smart contracts},
  author={Tsankov, Petar and Dan, Andrei and Drachsler-Cohen, Dana and Gervais, Arthur and Buenzli, Florian and Vechev, Martin},
  booktitle={Proceedings of the 2018 ACM SIGSAC Conference on Computer and Communications Security},
  pages={67--82},
  year={2018}
}


@electronic{mythril,
	Date-Added = {2020-04-28 15:52:28 +0800},
	Date-Modified = {2020-06-07 18:05:16 +0800},
	Month = {Apr.},
	Title = {{Ofiicial site of mythril}},
	Url = {https://github.com/ConsenSys/mythril},
	Year = {2022},
	Bdsk-Url-1 = {https://en.wikipedia.org/wiki/BitcoinCreation}}


@inproceedings{choi2021smartian,
  title={SMARTIAN: Enhancing Smart Contract Fuzzing with Static and Dynamic Data-Flow Analyses},
  author={Choi, Jaeseung and Kim, Doyeon and Kim, Soomin and Grieco, Gustavo and Groce, Alex and Cha, Sang Kil},
  booktitle={2021 36th IEEE/ACM International Conference on Automated Software Engineering (ASE)},
  pages={227--239},
  year={2021},
  organization={IEEE}
}

@article{yu2020smart,
  title={Smart contract repair},
  author={Yu, Xiao Liang and Al-Bataineh, Omar and Lo, David and Roychoudhury, Abhik},
  journal={ACM Transactions on Software Engineering and Methodology (TOSEM)},
  volume={29},
  number={4},
  pages={1--32},
  year={2020},
  publisher={ACM New York, NY, USA}
}

@article{zou2019smart,
  title={Smart contract development: Challenges and opportunities},
  author={Zou, Weiqin and Lo, David and Kochhar, Pavneet Singh and Le, Xuan-Bach Dinh and Xia, Xin and Feng, Yang and Chen, Zhenyu and Xu, Baowen},
  journal={IEEE Transactions on Software Engineering},
  volume={47},
  number={10},
  pages={2084--2106},
  year={2019},
  publisher={IEEE}
}

@inproceedings{chen2019tokenscope,
  title={Tokenscope: Automatically detecting inconsistent behaviors of cryptocurrency tokens in ethereum},
  author={Chen, Ting and Zhang, Yufei and Li, Zihao and Luo, Xiapu and Wang, Ting and Cao, Rong and Xiao, Xiuzhuo and Zhang, Xiaosong},
  booktitle={Proceedings of the 2019 ACM SIGSAC conference on computer and communications security},
  pages={1503--1520},
  year={2019}
}

@article{chen2020understanding,
  title={Understanding ethereum via graph analysis},
  author={Chen, Ting and Li, Zihao and Zhu, Yuxiao and Chen, Jiachi and Luo, Xiapu and Lui, John Chi-Shing and Lin, Xiaodong and Zhang, Xiaosong},
  journal={ACM Transactions on Internet Technology (TOIT)},
  volume={20},
  number={2},
  pages={1--32},
  year={2020},
  publisher={ACM New York, NY, USA}
}

@inproceedings{liu2018reguard,
  title={Reguard: finding reentrancy bugs in smart contracts},
  author={Liu, Chao and Liu, Han and Cao, Zhao and Chen, Zhong and Chen, Bangdao and Roscoe, Bill},
  booktitle={2018 IEEE/ACM 40th International Conference on Software Engineering: Companion (ICSE-Companion)},
  pages={65--68},
  year={2018},
  organization={IEEE}
}

@inproceedings{nguyen2013semfix,
  title={Semfix: Program repair via semantic analysis},
  author={Nguyen, Hoang Duong Thien and Qi, Dawei and Roychoudhury, Abhik and Chandra, Satish},
  booktitle={2013 35th International Conference on Software Engineering (ICSE)},
  pages={772--781},
  year={2013},
  organization={IEEE}
}

@article{ashraf2020gasfuzzer,
  title={GasFuzzer: Fuzzing ethereum smart contract binaries to expose gas-oriented exception security vulnerabilities},
  author={Ashraf, Imran and Ma, Xiaoxue and Jiang, Bo and Chan, Wing Kwong},
  journal={IEEE Access},
  volume={8},
  pages={99552--99564},
  year={2020},
  publisher={IEEE}
}

@inproceedings{liu2018eclone,
  title={Eclone: Detect semantic clones in ethereum via symbolic transaction sketch},
  author={Liu, Han and Yang, Zhiqiang and Liu, Chao and Jiang, Yu and Zhao, Wenqi and Sun, Jiaguang},
  booktitle={Proceedings of the 2018 26th ACM Joint Meeting on European Software Engineering Conference and Symposium on the Foundations of Software Engineering},
  pages={900--903},
  year={2018}
}


@electronic{solidity,
	Date-Added = {2020-04-28 16:02:47 +0800},
	Date-Modified = {2020-06-07 18:04:22 +0800},
	Month = {Mar.},
	Title = {{Documentation of Solidity}},
	Url = {https://solidity.readthedocs.io/en/v0.8.12/},
	Year = {2022}, {https://en.wikipedia.org/wiki/BitcoinCreation}}

@electronic{truffle,
	Date-Added = {2020-04-28 16:02:47 +0800},
	Date-Modified = {2020-06-07 18:04:22 +0800},
	Month = {Mar.},
	Title = {{Truffle offical page}},
	Url = {https://github.com/trufflesuite/truffle},
	Year = {2022}, {https://en.wikipedia.org/wiki/BitcoinCreation}}

@article{brent2018vandal,
  title={Vandal: A scalable security analysis framework for smart contracts},
  author={Brent, Lexi and Jurisevic, Anton and Kong, Michael and Liu, Eric and Gauthier, Francois and Gramoli, Vincent and Holz, Ralph and Scholz, Bernhard},
  journal={arXiv preprint arXiv:1809.03981},
  year={2018}
}

@inproceedings{mossberg2019manticore,
  title={Manticore: A user-friendly symbolic execution framework for binaries and smart contracts},
  author={Mossberg, Mark and Manzano, Felipe and Hennenfent, Eric and Groce, Alex and Grieco, Gustavo and Feist, Josselin and Brunson, Trent and Dinaburg, Artem},
  booktitle={2019 34th IEEE/ACM International Conference on Automated Software Engineering (ASE)},
  pages={1186--1189},
  year={2019},
  organization={IEEE}
}

@inproceedings{torres2018osiris,
  title={Osiris: Hunting for integer bugs in ethereum smart contracts},
  author={Torres, Christof Ferreira and Sch{\"u}tte, Julian and State, Radu},
  booktitle={Proceedings of the 34th Annual Computer Security Applications Conference},
  pages={664--676},
  year={2018}
}

@article{wood2014ethereum,
  title={Ethereum: A secure decentralised generalised transaction ledger},
  author={Wood, Gavin and others},
  journal={Ethereum project yellow paper},
  volume={151},
  number={2014},
  pages={1--32},
  year={2014}
}

@inproceedings{kalra2018zeus,
  title={Zeus: analyzing safety of smart contracts.},
  author={Kalra, Sukrit and Goel, Seep and Dhawan, Mohan and Sharma, Subodh},
  booktitle={Ndss},
  pages={1--12},
  year={2018}
}

@techreport{hildenbrandt2017kevm,
  title={Kevm: A complete semantics of the ethereum virtual machine},
  author={Hildenbrandt, Everett and Saxena, Manasvi and Zhu, Xiaoran and Rodrigues, Nishant and Daian, Philip and Guth, Dwight and Ro{\c{s}}u, Grigore},
  year={2017}
}

@inproceedings{permenev2020verx,
  title={Verx: Safety verification of smart contracts},
  author={Permenev, Anton and Dimitrov, Dimitar and Tsankov, Petar and Drachsler-Cohen, Dana and Vechev, Martin},
  booktitle={2020 IEEE symposium on security and privacy (SP)},
  pages={1661--1677},
  year={2020},
  organization={IEEE}
}


@inproceedings{nikolic2018finding,
  title={Finding the greedy, prodigal, and suicidal contracts at scale},
  author={Nikoli{\'c}, Ivica and Kolluri, Aashish and Sergey, Ilya and Saxena, Prateek and Hobor, Aquinas},
  booktitle={Proceedings of the 34th annual computer security applications conference},
  pages={653--663},
  year={2018}
}

@inproceedings{hirai2017defining,
  title={Defining the ethereum virtual machine for interactive theorem provers},
  author={Hirai, Yoichi},
  booktitle={International Conference on Financial Cryptography and Data Security},
  pages={520--535},
  year={2017},
  organization={Springer}
}
@inproceedings{grishchenko2018semantic,
  title={A semantic framework for the security analysis of ethereum smart contracts},
  author={Grishchenko, Ilya and Maffei, Matteo and Schneidewind, Clara},
  booktitle={International Conference on Principles of Security and Trust},
  pages={243--269},
  year={2018},
  organization={Springer}
}

@inproceedings{grieco2020echidna,
  title={Echidna: effective, usable, and fast fuzzing for smart contracts},
  author={Grieco, Gustavo and Song, Will and Cygan, Artur and Feist, Josselin and Groce, Alex},
  booktitle={Proceedings of the 29th ACM SIGSOFT International Symposium on Software Testing and Analysis},
  pages={557--560},
  year={2020}
}

@inproceedings{feist2019slither,
  title={Slither: a static analysis framework for smart contracts},
  author={Feist, Josselin and Grieco, Gustavo and Groce, Alex},
  booktitle={2019 IEEE/ACM 2nd International Workshop on Emerging Trends in Software Engineering for Blockchain (WETSEB)},
  pages={8--15},
  year={2019},
  organization={IEEE}
}

@inproceedings{yang2021finding,
  title={Finding Consensus Bugs in Ethereum via Multi-transaction Differential Fuzzing},
  author={Yang, Youngseok and Kim, Taesoo and Chun, Byung-Gon},
  booktitle={15th USENIX Symposium on Operating Systems Design and Implementation (OSDI 21)},
  pages={349--365},
  year={2021}
}

@article{grech2018madmax,
  title={Madmax: Surviving out-of-gas conditions in ethereum smart contracts},
  author={Grech, Neville and Kong, Michael and Jurisevic, Anton and Brent, Lexi and Scholz, Bernhard and Smaragdakis, Yannis},
  journal={Proceedings of the ACM on Programming Languages},
  volume={2},
  number={OOPSLA},
  pages={1--27},
  year={2018},
  publisher={ACM New York, NY, USA}
}

@inproceedings{he2021eosafe,
  title={$\{$EOSAFE$\}$: Security Analysis of $\{$EOSIO$\}$ Smart Contracts},
  author={He, Ningyu and Zhang, Ruiyi and Wang, Haoyu and Wu, Lei and Luo, Xiapu and Guo, Yao and Yu, Ting and Jiang, Xuxian},
  booktitle={30th USENIX Security Symposium (USENIX Security 21)},
  pages={1271--1288},
  year={2021}
}

@article{huang2020characterizing,
  title={Characterizing eosio blockchain},
  author={Huang, Yuheng and Wang, Haoyu and Wu, Lei and Tyson, Gareth and Luo, Xiapu and Zhang, Run and Liu, Xuanzhe and Huang, Gang and Jiang, Xuxian},
  journal={arXiv preprint arXiv:2002.05369},
  year={2020}
}